@book{szeliskicvaa,
  added-at = {2021-09-30 17:26:46},
  address = {London; New York},
  author = {Szeliski, Richard},
  description = {Computer Vision - Springer},
  interhash = {A4BBCDE8D75493C7F8E1392B97B80012DF061111},
  intrahash = {A122C8B0659FA2AA1DB07A1D707B4246 8FC026B8C9F8B592EEA907D30D0B9D6E},
  isbn = {9783030343712},
  keywords = {computer vision},
  publisher = {Springer},
  refid = {3182423},
  title = {Computer Vision - Algorithms and Applications, Second Edition},
  edition = {2nd ed.},
  url = {https://szeliski.org/Book/},
  pagetotal = {1232},
  year = {2022}
}

@book{opencv,
  added-at = {2020-02},
  address = {Birmingham},
  author = {Howse, Joseph and Minichino, Joe},
  isbn = {978-1-78953-161-9},
  keywords = {opencv},
  publisher = {Packt Publishing},
  refid = {1190220},
  title = {Learning OpenCV 4 Computer Vision with Python 3 Third Edition},
  edition = {3rd ed.},
  pagetotal = {495},
  year = {2022}
}

@book{minskySussman,
  author = {Margaret A. Boden},
  isbn = {9780199241446},
  publisher = {Oxford University Press, USA},
  title = {Mind As Machine: A History of Cognitive Science Two-Volume Set},
  pagetotal = {1680},
  year = {2006},
  language = {english}
}

@book{fundamentals,
  added-at = {2017-05-25},
  address = {United States of America},
  author = {Buduma, Nikhil and Lacascio, Nicholas},
  isbn = {978-1-491-92561-4},
  publisher = {O’Reilly Media, Inc.},
  title = {Fundamentals of Deep Learning},
  edition = {First Edition},
  pagetotal = {298},
  year = {2017}
}

@book{deep,
    title={Deep Learning},
    author={Ian Goodfellow and Yoshua Bengio and Aaron Courville},
    publisher={MIT Press},
    note={\url{http://www.deeplearningbook.org}},
    year={2016}
}

@book{principles,
    title={Neural Network Principles and Applications},
    author={Zayegh, Amer and Al Bassam, Nizar},
    publisher={IntechOpen},
    year={2018}
}

@inproceedings{Huang1996ComputerVE,
  title={Computer Vision: Evolution And Promise},
  author={Thomas S. Huang},
  year={1996},
  url = {https://www.semanticscholar.org/paper/Computer-Vision\%3A-Evolution-And-Promise-Huang/0390930e75300a877f0064415a220da421edbb0c}
}

@online{wikipediaPiramida,
  type = {article},
  title = {Pyramid (image processing)},
  author = {Wikipedia},
  date = {2022},
  url = {https://en.wikipedia.org/wiki/Pyramid_(image_processing)},
  urldate = {2022-09-13},
  langid = {english},
  organization = {Wikimedia Foundation, Inc.}
}

@online{wikipedia,
  type = {article},
  title = {Computer vision},
  author = {Wikipedia},
  date = {2022},
  url = {https://en.wikipedia.org/wiki/Computer_vision},
  urldate = {2022-08-17},
  langid = {english},
  organization = {Wikimedia Foundation, Inc.}
}

@online{digital,
  type = {article},
  title = {Digital Image Processing Basics},
  author = {Kumar, Nishant},
  date = {2021},
  url = {https://www.geeksforgeeks.org/digital-image-processing-basics/},
  urldate = {2022-08-23},
  langid = {english},
  organization = {GeeksForGeeks}
}

@online{adobe,
  type = {article},
  title = {What Is Computer Vision And How Does it Work? An Introduction},
  author = {Babich, Nick},
  date = {2020-07-28},
  url = {https://xd.adobe.com/ideas/principles/emerging-technology/what-is-computer-vision-how-does-it-work/},
  urldate = {2022-08-20},
  langid = {english},
  organization = {Adobe}
}

@online{vidhya,
  type = {article},
  title = {Everything happening in Computer Vision that you should know},
  author = {saurabh409},
  date = {2021-06-30},
  url = {https://www.analyticsvidhya.com/blog/2021/06/everything-happening-in-computer-vision-that-you-should-know/},
  urldate = {2022-08-26},
  langid = {english},
  organization = {Analytics Vidhya}
}

@online{tesla,
  type = {article},
  title = {Autopilot and Full Self-Driving Capability},
  author = {N.N.},
  date = {2019},
  url = {https://www.tesla.com/support/autopilot},
  urldate = {2022-08-14},
  langid = {english},
  organization = {Tesla, Inc.}
}

@online{google1,
  type = {article},
  title = {Deep Learning for Detection of Diabetic Eye Disease},
  author = {Peng, Lily and Gulshan, Varun},
  date = {2016-11-29},
  url = {https://ai.googleblog.com/2016/11/deep-learning-for-detection-of-diabetic.html},
  urldate = {2022-08-26},
  langid = {english},
  organization = {Google LLC}
}

@online{google2,
  type = {article},
  title = {Assisting Pathologists in Detecting Cancer with Deep Learning},
  author = {Peng, Lily and Stumpe, Martin},
  date = {2017-03-03},
  url = {https://ai.googleblog.com/2017/03/assisting-pathologists-in-detecting.html},
  urldate = {2022-09-03},
  langid = {english},
  organization = {Google LLC}
}

@online{tds1,
  type = {article},
  title = {The Complete Beginners Guide to Deep Learning},
  author = {Bonner, Anne},
  date = {2019-01-13},
  url = {https://towardsdatascience.com/intro-to-deep-learning-c025efd92535},
  urldate = {2022-09-01},
  langid = {english},
  organization = {Towards Data Science}
}

@online{tds2,
  type = {article},
  title = {What is Machine Learning?},
  author = {Fhel, Dimaano},
  date = {2019-10-24},
  url = {https://medium.com/@FhelDimaano/what-is-machine-learning-885aa35db58b},
  urldate = {2022-09-05},
  langid = {english},
  organization = {Towards Data Science}
}

@online{builtin1,
  type = {article},
  title = {What Is Deep Learning and How Does It Work?},
  author = {Oppermann, Artem},
  date = {2022-05-02},
  url = {https://builtin.com/machine-learning/what-is-deep-learning},
  urldate = {2022-08-20},
  langid = {english},
  organization = {Built In}
}

@online{builtin2,
  type = {article},
  title = {Gradient Descent: An Introduction to 1 of Machine Learning’s Most Popular Algorithms},
  author = {Donges, Niklas},
  date = {2021-07-23},
  url = {https://builtin.com/data-science/gradient-descent},
  urldate = {2022-08-29},
  langid = {english},
  organization = {Built In}
}

@online{install,
  type = {article},
  title = {Installation},
  author = {N.N.},
  url = {https://google.github.io/mediapipe/getting_started/install.html},
  urldate = {2022-08-07},
  langid = {english},
  organization = {Google LLC}
}

@online{konv,
  type = {article},
  title = {Konvolucijski modeli},
  author = {Šegvić, Siniša and Krapac, Josip},
  url = {http://www.zemris.fer.hr/~ssegvic/du/du2convnet.pdf},
  urldate = {2022-09-08},
  organization = {Fakultet elektrotehnike i računarstva, Sveučilište u Zagrebu}
}

@online{primjena,
  type = {article},
  title = {Real-World Applications of Convolutional Neural Networks},
  author = {Kumar, Ajitesh},
  url = {https://vitalflux.com/real-world-applications-of-convolutional-neural-networks/},
  urldate = {2022-09-04},
  langid = {english},
  organization = {Data Analytics}
}

@online{hand1,
  type = {article},
  title = {Hand Gesture Recognition Based on Computer Vision: A Review of Techniques},
  author = {Oudah, Munir and Al-Naji, Ali and Chahl, Javaan},
  url = {https://www.ncbi.nlm.nih.gov/pmc/articles/PMC8321080/},
  date = {2020-07-23},
  urldate = {2022-08-23},
  langid = {english},
  organization = {National Library of Medicine}
}

@online{hand2,
  type = {article},
  title = {Hand Gesture Recognition Algorithm Using SVM and HOG Model for Control of Robotic System},
  author = {Nguyen Huu, Phat and Phung Ngoc, Tan},
  url = {https://doi.org/10.1155/2021/3986497},
  date = {2021-06-17},
  urldate = {2022-09-06},
  langid = {english},
  organization = {Hindawi}
}

@online{hand4,
  type = {article},
  title = {Hand gesture recognition algorithm combining hand-type adaptive algorithm and effective-area ratio for efficient edge computing},
  author = {Zhang, Qiang and Xiao, Shanlin and Yu, Zhiyi and Zheng, Huanliang and Wang, Peng},
  url = {https://ui.adsabs.harvard.edu/abs/2021JEI....30f3026Z/abstract},
  date = {2021-12-23},
  urldate = {2022-09-06},
  langid = {english},
  organization = {Sun Yat-sen University, Harbin University of Science and Technology}
}

@online{poljoprivreda,
  type = {article},
  title = {Computer Vision in Agriculture: Introduction to Smart Farming},
  author = {N.N.},
  url = {https://easyflow.tech/computer-vision-in-agriculture-introduction-to-smart-farming/},
  date = {2021},
  urldate = {2022-09-12},
  langid = {english},
  organization = {EasyFlow}
}

@article{hand3,
  author = {Ceolini, Enea and Frenkel, Charlotte and Shrestha, Sumit Bam and Taverni, Gemma and Khacef, Lyes and Payvand, Melika and Donati, Elisa},   
  title = {Hand-Gesture Recognition Based on EMG and Event-Based Camera Sensor Fusion: A Benchmark in Neuromorphic Computing},      
  journal = {Frontiers in Neuroscience},      
  volume = {14},           
  year = {2020},      
  url = {https://www.frontiersin.org/articles/10.3389/fnins.2020.00637},       
  doi = {10.3389/fnins.2020.00637},      
  issn = {1662-453X},
}